@article{DBLP:journals/corr/KipfW16,
  author       = {Thomas N. Kipf and
                  Max Welling},
  title        = {Semi-Supervised Classification with Graph Convolutional Networks},
  journal      = {CoRR},
  volume       = {abs/1609.02907},
  year         = {2016},
  url          = {http://arxiv.org/abs/1609.02907},
  eprinttype    = {arXiv},
  eprint       = {1609.02907},
  timestamp    = {Mon, 13 Aug 2018 16:48:31 +0200},
  biburl       = {https://dblp.org/rec/journals/corr/KipfW16.bib},
  bibsource    = {dblp computer science bibliography, https://dblp.org}
}

@article{DBLP:journals/corr/abs-1810-00826,
  author       = {Keyulu Xu and
                  Weihua Hu and
                  Jure Leskovec and
                  Stefanie Jegelka},
  title        = {How Powerful are Graph Neural Networks?},
  journal      = {CoRR},
  volume       = {abs/1810.00826},
  year         = {2018},
  url          = {http://arxiv.org/abs/1810.00826},
  eprinttype    = {arXiv},
  eprint       = {1810.00826},
  timestamp    = {Tue, 30 Oct 2018 10:49:09 +0100},
  biburl       = {https://dblp.org/rec/journals/corr/abs-1810-00826.bib},
  bibsource    = {dblp computer science bibliography, https://dblp.org}
}

@article{DBLP:journals/corr/abs-1902-07153,
  author       = {Felix Wu and
                  Tianyi Zhang and
                  Amauri H. Souza Jr. and
                  Christopher Fifty and
                  Tao Yu and
                  Kilian Q. Weinberger},
  title        = {Simplifying Graph Convolutional Networks},
  journal      = {CoRR},
  volume       = {abs/1902.07153},
  year         = {2019},
  url          = {http://arxiv.org/abs/1902.07153},
  eprinttype    = {arXiv},
  eprint       = {1902.07153},
  timestamp    = {Wed, 03 Jun 2020 10:08:37 +0200},
  biburl       = {https://dblp.org/rec/journals/corr/abs-1902-07153.bib},
  bibsource    = {dblp computer science bibliography, https://dblp.org}
}

@inproceedings{Morris+2020,
    title={TUDataset: A collection of benchmark datasets for learning with graphs},
    author={Christopher Morris and Nils M. Kriege and Franka Bause and Kristian Kersting and Petra Mutzel and Marion Neumann},
    booktitle={ICML 2020 Workshop on Graph Representation Learning and Beyond (GRL+ 2020)},
    archivePrefix={arXiv},
    eprint={2007.08663},
    url={www.graphlearning.io},
    year={2020}
}